<?xml version="1.0" encoding="UTF-8"?><collection xmlns="http://www.loc.gov/MARC21/slim"><record><leader>00385nam--2200145-i-4500</leader><controlfield tag="001">000031967</controlfield><controlfield tag="002">20161230</controlfield><controlfield tag="005">20161230201038</controlfield><controlfield tag="008">060222s1000------------r-----000-0-eng-d</controlfield><datafield ind1=" " ind2=" " tag="080"><subfield code="a">541.139</subfield></datafield><datafield ind1=" " ind2=" " tag="100"><subfield code="a">Michel, Andre</subfield></datafield><datafield ind1=" " ind2=" " tag="245"><subfield code="a">Phenomenes magnetiques et structure</subfield></datafield><datafield ind1=" " ind2=" " tag="260"><subfield code="a">Paris, Masson Et C-ie, 1966. Vii + 140p</subfield></datafield><datafield ind1=" " ind2=" " tag="490"><subfield code="a">Collection De Monographie De Chimie</subfield></datafield><datafield ind1=" " ind2=" " tag="852"><subfield code="a">27065</subfield></datafield></record></collection>